@InProceedings{bao_2018,
  author    = {Bao, Yujia  and  Chang, Shiyu  and  Yu, Mo  and  Barzilay, Regina},
  title     = {Deriving Machine Attention from Human Rationales},
  booktitle = {Proceedings of the 2018 Conference on Empirical Methods in Natural Language Processing},
  year      = {2018},
  publisher = {Association for Computational Linguistics},
  url       = {http://www.aclweb.org/anthology/D18-1216}
}

@inproceedings{ling_2017,
  title={Program Induction by Rationale Generation: Learning to Solve and Explain Algebraic Word Problems},
  author={Ling, Wang and Yogatama, Dani and Dyer, Chris and Blunsom, Phil},
  booktitle={Proceedings of the 55th Annual Meeting of the Association for Computational Linguistics (Volume 1: Long Papers)},
  volume={1},
  pages={158--167},
  year={2017}
}

@inproceedings{lei_2016,
  title={Rationalizing Neural Predictions},
  author={Lei, Tao and Barzilay, Regina and Jaakkola, Tommi},
  booktitle={Proceedings of the 2016 Conference on Empirical Methods in Natural Language Processing},
  pages={107--117},
  year={2016}
}
